@book{0DUMMY:1,
  author    = {},
  title     = {Materialele de curs},
  publisher = {},
  year      = {}
}

@book{Ben-Natan_2009,
  place     = {Burlington, MA},
  title     = {Implementing database security and auditing: A guide for DBAâ€™s, Information Security Administrators and Auditors},
  publisher = {Elsevier Digital Press},
  author    = {Ben-Natan, Ron},
  year      = {2009}
} 

@book{DUMMY2:1,
  author    = {},
  title     = {Documentatie add-on OracleDB pentru Node.JS},
  publisher = {https://node-oracledb.readthedocs.io/en/latest/},
  year      = {}
}